@book{stroustrup2013,
    author="Bjarne Stroustrup",
    title="The C++ Programming Language",
    year="2013",
    publisher="Addison-Wesley",
    isbn="9780321563842"
}

@misc{cppreference,
    author="Povilas Kanapickas",
    title="C++ reference",
    howpublished="\url{http://cppreference.com}",
    note="Accessed: 2014-08-30",
    year="2014"
}

@book{josuttis2012,
  author="Nicolai M. Josuttis",
  title="The C++ Standard Library",
  year="2012",
  publisher="Addison-Wesley",
  isbn="9780321623218"
}

@book{williams2012,
  author="Anthony Williams",
  title="C++ Concurrency in Action",
  year="2012",
  publisher="Manning Publications",
  isbn="9781933988771"
}

@book{wolf2014,
  author="JÃ¼rgen Wolf",
  title="C++ Das umfassende Handbuch",
  year="2014",
  publisher="Gallileo Press",
  isbn="9783836220217"
}

@book{breymann2011,
  author="Ulrich Breymann",
  title="Der C++ Programmierer",
  year="2011",
  publisher="Carl Hanser",
  isbn="9783446426917"
}

@book{deitel2014,
  author="Paul Deitel, Harvey Deitel",
  title="C++11 for Programmers",
  year="2014",
  publisher="Prentice Hall",
  isbn="9780133439854"
}

@book{reddy2011,
  author="Martin Reddy",
  title="API design for C++",
  year="2011",
  publisher="Morgan Kaufmann",
  isbn="9780123850034"
}

@book{will2012,
  author="Torsten T. Will",
  title="C++11 programmieren",
  year="2012",
  publisher="Galileo Press",
  isbn="9783836217323"}